<?xml version="1.0" encoding="UTF-8"?><collection xmlns="http://www.loc.gov/MARC21/slim"><record><leader>00651nam--2200193-i-4500</leader><controlfield tag="001">000013063</controlfield><controlfield tag="002">20161230</controlfield><controlfield tag="005">20161230201030</controlfield><controlfield tag="008">060222s1000------------r-----000-0-rum-d</controlfield><datafield ind1=" " ind2=" " tag="040"><subfield code="a">IFIN-HH</subfield></datafield><datafield ind1=" " ind2=" " tag="041"><subfield code="a">rum</subfield></datafield><datafield ind1=" " ind2=" " tag="080"><subfield code="a">538.221+53.082.74</subfield></datafield><datafield ind1=" " ind2="1" tag="100"><subfield code="a">Daniello, Luminita Iolanda</subfield></datafield><datafield ind1="1" ind2="0" tag="245"><subfield code="a">Contributii la studiul interactiunii radiatiilor electromagnetice cu materiale spinelice</subfield><subfield code="b">Teza</subfield><subfield code="c">Luminita iolanda daniello</subfield></datafield><datafield ind1=" " ind2=" " tag="260"><subfield code="a">Bucuresti</subfield><subfield code="b">Institutul De Fizica Si Tehnologia Aparatelor Cu Radiatii</subfield><subfield code="c">1979</subfield></datafield><datafield ind1=" " ind2=" " tag="300"><subfield code="a">172P</subfield></datafield><datafield ind1=" " ind2=" " tag="502"><subfield code="a">Conductor Stiintific: Prof.Dr. Ion.M. Popescu</subfield></datafield><datafield ind1=" " ind2=" " tag="852"><subfield code="a">47133</subfield><subfield code="c">538.221</subfield></datafield><datafield ind1=" " ind2=" " tag="CAT"><subfield code="a">Sys</subfield><subfield code="c">20110919</subfield><subfield code="h">130757</subfield></datafield></record></collection>